<?xml version="1.0" encoding="utf-8"?>
<record xmlns="http://www.loc.gov/MARC21/slim" xmlns:xsi="http://www.w3.org/2001/XMLSchema-instance" xsi:schemaLocation="http://www.loc.gov/MARC21/slim http://www.loc.gov/standards/marcxml/schema/MARC21slim.xsd">
	<leader>     nam a22     Mi 4500</leader>
	<controlfield tag="001">2842430</controlfield>
	<controlfield tag="003">NjP</controlfield>
	<controlfield tag="006">m        d        </controlfield>
	<controlfield tag="007">cr cn |||m|||a</controlfield>
	<controlfield tag="008">210331s1893    mr      o     000 0 ara d</controlfield>
	<datafield ind1=" " ind2=" " tag="040">
		<subfield code="a">ZYU</subfield>
		<subfield code="b">ara</subfield>
		<subfield code="e">rda</subfield>
		<subfield code="c">ZYU</subfield>
	</datafield>
	<datafield ind1="1" ind2=" " tag="100">
		<subfield code="6">880-01</subfield>
		<subfield code="a">Ibn Sūdah, al-Makkī ibn al-Mahdī,</subfield>
		<subfield code="d">-1899 or 1900.</subfield>
	</datafield>
	<datafield ind1="1" ind2="0" tag="240">
		<subfield code="6">880-02</subfield>
		<subfield code="a">Sharḥ ʻalá Tāʼīyat al-Ḥarrāq</subfield>
	</datafield>
	<datafield ind1="1" ind2="0" tag="245">
		<subfield code="6">880-03</subfield>
		<subfield code="a">Hādhā Sharḥ al-Shaykh al-Imām al-ʻālim al-ʻallāmah al-humām wa-khayr al-zamān wa-farīd al-ʻaṣr ... Abī Muḥammad Sayyidī al-Makkī al-Sūdī al-Qurashī al-Yamānī ... ʻalá Tāʼīyat al-Shaykh al-walī al-Ṣāliḥ Sayyidī Muḥammad al-Ḥarrāq al-Sharīf al-Ḥasanī</subfield>
	</datafield>
	<datafield ind1="3" ind2="0" tag="246">
		<subfield code="6">880-04</subfield>
		<subfield code="a">Sharḥ Abī Muḥammad al-Makkī al-Sūdī al-Qurashī al-Yamanī ʻalá Tāʼīyat Muḥammad al-Ḥarrāq</subfield>
	</datafield>
	<datafield ind1=" " ind2=" " tag="260">
		<subfield code="6">880-05</subfield>
		<subfield code="a">[al-Maghrib] :</subfield>
		<subfield code="b">[publisher not identified],</subfield>
		<subfield code="c">1311 [1893 or 1894]</subfield>
	</datafield>
	<datafield ind1=" " ind2=" " tag="300">
		<subfield code="a">online resource (1 volume (various pagings))</subfield>
	</datafield>
	<datafield ind1=" " ind2=" " tag="336">
		<subfield code="a">text</subfield>
		<subfield code="2">rdacontent</subfield>
	</datafield>
	<datafield ind1=" " ind2=" " tag="337">
		<subfield code="a">computer</subfield>
		<subfield code="2">rdamedia</subfield>
	</datafield>
	<datafield ind1=" " ind2=" " tag="338">
		<subfield code="a">online resource</subfield>
		<subfield code="2">rdacarrier</subfield>
	</datafield>
	<datafield ind1=" " ind2=" " tag="500">
		<subfield code="a">Part of the Arabic Collections Online (ACO) project, contributed by Princeton University Libraries.</subfield>
	</datafield>
	<datafield ind1=" " ind2=" " tag="533">
		<subfield code="a">Electronic reproduction.</subfield>
		<subfield code="b">New York, N.Y. :</subfield>
		<subfield code="c">New York University,</subfield>
		<subfield code="d">2021.</subfield>
		<subfield code="5">NNU</subfield>
	</datafield>
	<datafield ind1="1" ind2="0" tag="600">
		<subfield code="a">Ḥarrāq, Muḥammad ibn Muḥammad,</subfield>
		<subfield code="d">1772 or 1773-1845.</subfield>
		<subfield code="t">Tāʼīyah.</subfield>
	</datafield>
	<datafield ind1=" " ind2="0" tag="650">
		<subfield code="a">Shiite poetry, Arabic</subfield>
		<subfield code="x">History and criticism.</subfield>
	</datafield>
	<datafield ind1=" " ind2="7" tag="650">
		<subfield code="a">Shiite poetry, Arabic.</subfield>
		<subfield code="2">fast</subfield>
		<subfield code="0">(OCoLC)fst01115972</subfield>
	</datafield>
	<datafield ind1=" " ind2="7" tag="655">
		<subfield code="a">Lithographs</subfield>
		<subfield code="z">Morocco</subfield>
		<subfield code="y">1893.</subfield>
		<subfield code="2">gmgpc</subfield>
	</datafield>
	<datafield ind1=" " ind2="7" tag="655">
		<subfield code="a">Criticism, interpretation, etc.</subfield>
		<subfield code="2">fast</subfield>
		<subfield code="0">(OCoLC)fst01411635</subfield>
	</datafield>
	<datafield ind1="2" ind2=" " tag="710">
		<subfield code="a">Princeton University.</subfield>
		<subfield code="b">Library.</subfield>
	</datafield>
	<datafield ind1="0" ind2=" " tag="730">
		<subfield code="a">Arabic Collections Online.</subfield>
	</datafield>
	<datafield ind1="0" ind2="8" tag="776">
		<subfield code="i">Online version:</subfield>
		<subfield code="a">Ibn Sūdah, al-Makkī ibn al-Mahdī, -1899 or 1900.</subfield>
		<subfield code="s">Sharḥ ʻalá Tāʼīyat al-Ḥarrāq.</subfield>
		<subfield code="t">Hādhā Sharḥ al-Shaykh al-Imām al-ʻālim al-ʻallāmah al-humām wa-khayr al-zamān wa-farīd al-ʻaṣr ... Abī Muḥammad Sayyidī al-Makkī al-Sūdī al-Qurashī al-Yamānī ... ʻalá Tāʼīyat al-Shaykh al-walī al-Ṣāliḥ Sayyidī Muḥammad al-Ḥarrāq al-Sharīf al-Ḥasanī.</subfield>
		<subfield code="d">[Morocco : s.n.], 1311 [1893 or 1894]</subfield>
		<subfield code="w">(OCoLC)657116288</subfield>
	</datafield>
	<datafield ind1="0" ind2="8" tag="776">
		<subfield code="i">Print version:</subfield>
		<subfield code="a">Ibn Sūdah, al-Makkī ibn al-Mahdī, -1899 or 1900.</subfield>
		<subfield code="t">Hādhā Sharḥ al-Shaykh al-Imām al-ʻālim al-ʻallāmah al-humām wa-khayr al-zamān wa-farīd al-ʻaṣr ... Abī Muḥammad Sayyidī al-Makkī al-Sūdī al-Qurashī al-Yamānī ... ʻalá Tāʼīyat al-Shaykh al-walī al-Ṣāliḥ Sayyidī Muḥammad al-Ḥarrāq al-Sharīf al-Ḥasanī</subfield>
		<subfield code="w">(NjP)2842430</subfield>
		<subfield code="w">(OCoLC)82031757</subfield>
	</datafield>
	<datafield ind1="4" ind2="0" tag="856">
		<subfield code="u">http://hdl.handle.net/2333.1/rjdfnd7b</subfield>
	</datafield>
	<datafield ind1="1" ind2=" " tag="880">
		<subfield code="6">100-01</subfield>
		<subfield code="a">ابن سودة، المكي بن المهدي،</subfield>
		<subfield code="d">-1899 or 1900.</subfield>
	</datafield>
	<datafield ind1="1" ind2="0" tag="880">
		<subfield code="6">240-02</subfield>
		<subfield code="a">شرح على تائية الحراق</subfield>
	</datafield>
	<datafield ind1="1" ind2="0" tag="880">
		<subfield code="6">245-03</subfield>
		<subfield code="a">هذا شرح الشيخ الامام العالم العلامة الهمام وخير الزمان وفريد العصر ... ابي محمد سيدي المكي السودي القرشي اليماني ... على تائية الشيخ الولي الصالح سيدي محمد الحراق الشريف الحسني</subfield>
	</datafield>
	<datafield ind1="3" ind2="0" tag="880">
		<subfield code="6">246-04</subfield>
		<subfield code="a">شرح ابي محمد المكي السودي القرشي اليمني على تائية محمد الحراق</subfield>
	</datafield>
	<datafield ind1=" " ind2=" " tag="880">
		<subfield code="6">260-05</subfield>
		<subfield code="a">[المغرب] :</subfield>
		<subfield code="b">[publisher not identified],</subfield>
		<subfield code="c">1311 [1893 or 1894]</subfield>
	</datafield>
	<datafield ind1=" " ind2=" " tag="959">
		<subfield code="a">NNU</subfield>
		<subfield code="b">WEB</subfield>
		<subfield code="c">GENI</subfield>
		<subfield code="t">0</subfield>
		<subfield code="m">Electronic access</subfield>
		<subfield code="s">01</subfield>
	</datafield>
	<datafield ind1=" " ind2=" " tag="999">
		<subfield code="i">NjP_2842430</subfield>
		<subfield code="o">(OCoLC)ocm82031757</subfield>
		<subfield code="s">princeton_aco004455:</subfield>
		<subfield code="e">(ERROR-MISC)</subfield>
		<subfield code="s">princeton_aco004455:</subfield>
	</datafield>
</record>
